

@misc{rules,
	title = {Center For Teaching and Learning of Berkeley},
	howpublished = {\url{https://teaching.berkeley.edu/statements-course-policies}}
	
}
